2684 4560
274 341 329 422 52
550 310 855 422 «Q

354 536 433 592 aaut.
448 514 524 586 Nux
538 504 693 597 solitaria,
724 527 837 595 ovam,
870 503 1016 581 constans
1039 536 1058 583 e
1074 508 1159 587 fibris
1176 514 1246 615 lig·

281 613 382 702 nobs,
411 606 605 685 stallioribut
632 614 826 683 intertextis:
871 608 987 683 nucleo
1012 611 1114 699 ovali,
1148 643 1248 690 com.

280 717 401 820 puello,
419 712 502 793 albo.

344 873 422 943 ,osu
439 848 501 923 Pili
515 854 551 921 in
568 849 727 951 gertnine‚'
749 871 790 921 an
810 843 964 943 llylotum
977 853 1061 922 vices
1076 854 1196 951 agunt?

279 1070 331 1149 19.
343 1074 576 1130 nnutnnttn
592 1071 772 1127 curuata.
785 1045 896 1125 'Linn
963 1142 966 1149 ἱ

389 1185 436 1265 Τ.
452 1185 566 1261 Foliis
582 1176 768 1274 eboratis,
794 1187 916 1261 subtus
938 1184 1168 1265 tomentolir.
1184 1186 1247 1267 M.

429 1288 467 1364 S.
486 1286 536 1367 V.
548 1309 584 1384 p.
601 1310 674 1380 910.
779 1292 782 1296 ’
806 1316 809 1329 ¹

361 1441 400 1513 In
416 1441 516 1513 hortis
531 1434 649 1509 insulae
667 1438 806 1509 Tannae
821 1430 917 1510 semel
933 1437 1014 1508 hanc
1033 1437 1176 1511 arborem
1198 1444 1252 1512 vi·

283 1542 410 1629 dimus,
439 1533 547 1611 meuse
571 1537 712 1637 Augullo
740 1534 801 1608 five
824 1533 877 1609 sub
899 1541 998 1612 linem
1015 1540 1140 1613 brumae
1153 1537 1249 1614 foliis

284 1644 415 1727 orbam,
446 1636 552 1710 fructu
571 1658 698 1708 maturo
713 1643 748 1721 in
769 1638 897 1710 ramulis
913 1643 1073 1718 haerente·
1140 1642 1249 1714 lltbot·

284 1739 475 1841 matralia,
507 1756 540 1809 et
565 1734 695 1811 excelsa.
764 1738 873 1837 Drupa
899 1741 1114 1838 tripolliceris,
1140 1766 1246 1833 ovata,

209 1846 242 1869 '⁴
284 1840 419 1930 sulcata,
452 1837 570 1911 nntlto
599 1837 764 1937 oblongo,
807 1839 969 1912 avellanae
999 1849 1086 1913 nucis
1123 1838 1246 1940 sapore,

245 2024 249 2035 ,
286 1940 500 2042 quare‘etiarn
521 1946 556 2009 in
579 1938 683 2010 Bauda
704 1960 735 2009 et
758 1943 879 2017 Batavia
903 1948 984 2011 inter
1010 1939 1138 2011 obsonia
1165 1965 1244 2013 cum

283 2043 350 2112 aliis
366 2037 516 2110 fruamus
532 2033 658 2107 mensae
673 2044 860 2132 apponitur.
896 2036 935 2107 ab
954 2041 1125 2135 Europaeis
1149 2045 1242 2110 enim

308 2138 381 2212 luris
395 2135 603 2222 existimatur,
628 2161 724 2236 quarn
739 2137 778 2207 ab
792 2136 948 2237 indigenis
957 2192 972 2217 ‚.
988 2145 1104 2237 quippe
1120 2144 1172 2239 qui
1190 2145 1241 2208 vi-

283 2167 449 2345 lipendunt
465 2231 613 2339 quicquid
627 2257 770 2311 ventrem
795 2263 864 2309 non
888 2238 968 2310 adeo
992 2238 1112 2337 implet¹
1166 2243 1245 2336 apti

281 2339 410 2419 suntthi
425 2334 535 2412 nuclei
545 2349 562 2426 ,'
578 2344 634 2439 qui
655 2337 899 2440 amygdalorutn
924 2337 1000 2413 loco
1022 2338 1241 2429 adhibeantur,

164 2530 168 2539 ς
283 2441 336 2518 sed
351 2441 427 2514 oleo
441 2460 509 2510 tam
524 2436 657 2535 copioso
672 2466 743 2511 non
768 2437 901 2539 pollent.
974 2438 1110 2511 Plantari
1134 2439 1242 2515 solent

254 2532 375 2615 'huius
396 2544 518 2640 generis
527 2538 656 2611 arbores
678 2545 758 2612 circa
772 2536 863 2611 aedes
876 2545 910 2611 in
933 2546 1013 2611 ateis
1028 2540 1162 2640 amplis,
1185 2540 1242 2613 nbi

200 2702 202 2727 ,
282 2640 389 2720 sedilia
405 2639 622 2732 eollocantur‚
646 2661 776 2739 propter
791 2636 921 2719 densam
933 2639 1056 2741 lateque
1078 2639 1241 2715 extensam

218 2796 221 2806 .
284 2770 381 2847 quarn
397 2741 544 2839 praebent
560 2742 715 2814 umbram.
772 2743 925 2813 Materies
943 2739 1132 2815 exstruendis
1149 2748 1241 2815 navi·

282 2852 342 2948 giis
356 2845 482 2934 idonee,
504 2839 583 2915 levis
598 2847 685 2915 enim
701 2840 744 2914 ell
758 2862 790 2915 et
804 2846 840 2912 in
853 2866 932 2942 aqua
948 2850 1067 2915 marina
1086 2871 1141 2942 per
1155 2841 1242 2915 rnlrl·

281 2968 333 3022 tos
350 2969 451 3019 anuos
464 2944 616 3041 perdurat.
665 2946 787 3017 Cortex
801 2962 832 3014 et
848 2940 929 3014 folia
950 2950 1079 3046 nigrum
1096 2953 1243 3045 pigmen·

282 3067 353 3120 turn
376 3044 540 3146 praebent,
574 3067 640 3145 quo
655 3040 762 3114 dentes
786 3042 936 3116 ludorum
960 3046 1157 3127 inficiuntur,
1178 3070 1242 3118 nee

282 3173 351 3222 non
366 3161 575 3218 atramentum
590 3143 736 3217 Indicum
751 3141 826 3216 inde
840 3150 1057 3249 componitur.
1145 3150 1242 3220 Hune

281 3249 437 3321 tltborem⁴
450 3266 496 3317 ter
517 3242 646 3344 lingulis
669 3251 760 3319 anuis
782 3267 923 3320 maturos
949 3243 1069 3320 frutlus
1099 3242 1241 3350 perferre

281 3349 391 3421 tutior
412 3347 455 3421 ell
471 3346 606 3422 Rheede.

281 3568 342 3630 πο.
359 3566 591 3625 trrurunun
607 3568 804 3626 narentur
817 3547 855 3628 F.

382 3682 431 3761 Τ.
443 3682 542 3775 ‚foliis
559 3685 751 3775 eboratis,
773 3685 963 3784 utriusque
977 3686 1119 3788 glabris.
1138 3686 1178 3766 F.

359 3830 475 3909 Differt
490 3844 506 3903 a
520 3834 719 3907 Terminalia
734 3840 886 3937 Catippa,
908 3833 996 3910 foliis
1010 3848 1045 3914 in
1062 3846 1174 3940 pagina
1188 3843 1237 3912 in·

281 3932 399 4019 feriore
421 3936 504 4038 pube
525 3932 695 4031 destitutis,
726 3935 826 4039 duplo
834 3941 1046 4062 minoribus,
1075 3968 1157 4029 nrree
1179 3947 1239 4116 “lig

671 4082 674 4087 '
696 4078 700 4085 '
1174 4067 1198 4142 P
