2684 4560
524 342 733 464 Q&
940 339 1173 487 “aa

147 544 431 650 beatorumque
454 551 551 625 intra
574 549 742 643 tropicos
765 538 987 643 perennium
996 538 1113 653 lra'litn

148 654 581 756 perflataasalubenima
594 667 633 726 et
647 646 1112 749 amoeniffima'coeiitem

154 759 262 856 petie
279 755 464 854 gaudere,
492 750 726 848 navigatores
758 744 947 845 quotquot
968 748 1012 822 acl
1036 768 1113 820 ean·

148 858 243 932 ‘dem
267 861 488 953 appulerunt
509 874 640 927 omnes
663 848 735 927 une
751 874 831 926 ‘ore
856 850 1113 944 pronuncians.

150 956 292 1035 ‘Novae
308 950 545 1039 Zeelandiae,
567 953 656 1047 licet
669 952 922 1046 frequentibus
939 950 1113 1053 procellis

156 1059 366 1157 exagitetur
383 1051 556 1152 alpesque
573 1054 1064 1148 inasperenniniveolrrucas
1076 1052 1115 1124 in

149 1159 271 1233 'altum
290 1153 578 1239 adtollat,nibilo
591 1172 714 1227 tameo
731 1152 847 1255 secius
856 1153 1020 1227 leniores
1035 1152 1115 1224 lutat

157 1258 321 1345 brumae,
344 1280 426 1330 cum
443 1259 480 1328 in
497 1256 574 1330 eius
589 1271 696 1348 parte
712 1270 881 1327 extrema
896 1255 946 1328 ad
963 1253 1116 1349 quadrae

107 1426 111 1457 ι
157 1357 332 1456 gefimum
355 1352 523 1452 quintum
546 1376 667 1449 usque·
687 1354 845 1455 gradum
866 1353 1064 1429 latitudinis
1078 1354 1115 1425 in

155 1448 309 1532 austrum
328 1456 514 1540 conversa,
531 1454 599 1528 sub
613 1456 693 1548 ipso
717 1454 789 1529 line
808 1456 971 1532 autumni
988 1451 1117 1530 herbae
1224 1514 1227 1525 .
1260 1436 1266 1457 ⁸

145 1572 199 1635 ‘et
215 1558 366 1679 iruticea
381 1554 557 1653 fiorentes
577 1554 749 1656 legiffem.

194 1790 210 1805 ²
258 1759 335 1853 Qui
352 1756 555 1841 Carolinas,
571 1740 1117 1856 MarianassandiigiaaMen-
1175 1778 1180 1783 ’

157 1857 329 1945 docinas,
363 1859 559 1935 societatis
585 1875 628 1931 'et
652 1859 871 1933 Amicorum
904 1860 1034 1933 insulas
1061 1875 1118 1931 te·

158 1980 262 2047 nent,
284 1962 425 2057 primae
439 1961 561 2058 gentis
575 1957 758 2042 homines,
783 1958 1020 2056 elegantioris
1038 1958 1118 2030 sunt

159 2064 322 2145 formae,
361 2063 574 2156 colorisque
601 2057 777 2154 puriilrmi
806 2061 956 2141 castanei
982 2057 1117 2154 absque

144 2164 241 2237 ‘ullo
256 2160 452 2260 nigredinis
465 2162 752 2256 inquinamento.
816 2157 963 2235 Statura
985 2160 1118 2236 eorum

160 2262 357 2339 mediocris
381 2260 449 2345 est,
482 2260 526 2334 ad
550 2262 813 2357 proceritatem
836 2261 1029 2352 accedens3
1067 2270 1119 2332 ca·

158 2364 239 2460 pilli
255 2363 379 2460 longi,
400 2359 515 2440 deni,
543 2363 756 2446 cincinnati,
778 2363 893 2460 nigri;
921 2360 1029 2435 barba
1045 2381 1120 2433 ma·

144 2464 258 2540 -ribus
280 2465 426 2546 crebra,
462 2462 632 2556 prolixa3
666 2463 766 2536 oculi
788 2463 917 2558 ampli,
950 2461 1042 2536 iride
1065 2461 1119 2533 ni-

142 2565 348 2664 grnfusca3
379 2562 482 2637 nasus
506 2563 736 2647 latiusculus,
771 2585 839 2639 nec
865 2562 991 2650 samum
1028 2560 1119 2657 labia

143 2666 427 2749 crassciusaula,
454 2664 583 2740 dentes
600 2664 850 2760 pulcherrimi.
926 2662 1119 2762 Magnates

143 2766 292 2839 uoluae
313 2765 452 2860 saepius
468 2762 647 2839 lucidiore
667 2764 941 2863 dignoscuntur.
958 2784 1121 2855 corpore

159 2865 397 2960 proceriore,
422 2864 587 2946 robusto,
613 2866 741 2948 obeso,
767 2863 962 2939 abdomine
979 2861 1123 2957 amplii-

160 2963 263 3038 limo.
326 2956 402 3038 Sed
423 2964 686 3059 exceptionem
709 2963 844 3037 babent
859 2964 994 3038 insulae
1009 2984 1121 3058 aquae

160 3065 316 3160 penuria
332 3065 539 3138 laborantes
556 3062 606 3137 Ε·
624 3086 724 3149 uwa,
742 3060 900 3163 Tonga,
935 3063 1122 3150 Namoka,
1165 3130 1169 3135 .
1234 3086 1239 3097 ¹

118 3254 121 3263 ¹
144 3164 371 3243 ‘Paschatom
397 3186 549 3260 quarum
568 3167 731 3248 incolae,
780 3170 891 3240 etiam
913 3183 999 3241 natu
1022 3168 1121 3263 prin·

163 3260 285 3364 cipes,
309 3267 476 3365 plerique
490 3266 694 3364 gracilioris
713 3266 793 3341 lunt
807 3266 961 3343 formae.
1135 3296 1140 3305 ’

264 3466 455 3565 ingenium
481 3466 613 3541 horum
631 3465 821 3546 hominum
843 3469 953 3559 mite,
975 3492 1123 3546 morum

150 3569 340 3651 comitate
357 3569 511 3661 quadam
523 3584 568 3644 'et
584 3568 858 3661 mansuetudine
880 3573 1123 3655 coniunctum,

142 3684 205 3742 ·at
228 3670 265 3741 in
291 3668 393 3742 bellis
423 3670 460 3742 in
490 3670 629 3747 saevam
660 3668 889 3748 ferocitatem
914 3674 1135 3771 degenerat,

165 3766 381 3862 Respublica
399 3771 568 3867 omnibus
584 3770 734 3845 feudalis
750 3772 820 3859 eli,
843 3775 942 3871 regis
957 3772 1124 3848 modera-

166 3870 257 3942 mini
281 3868 451 3945 sublesta,
478 3874 578 3945 cuius
594 3871 631 3944 in
655 3872 859 3949 amicorum
881 3874 1002 3947 insulis
1019 3874 1123 3948 nullo

164 3968 284 4047 limite
300 3970 603 4070 circumscriptam
619 3974 858 4147 patestatem,
881 3973 919 4047 in
942 3973 1124 4052 societatis

707 4100 724 4166 5
1072 4097 1123 4152 ar·
