2684 4560
287 326 341 414 ,ο
657 220 883 435 a&

182 562 184 567 ,
282 519 361 594 rire
382 511 547 610 quidem,¹
582 529 705 605 eoque
729 507 930 587 machinam
951 508 1144 587 animalem
1164 530 1269 607 per·

280 633 404 714 petuo
419 610 610 698 sessione,
642 609 707 695 sed
727 630 800 705 pro
820 608 961 687 diversa
975 613 1263 713 principiorum

283 718 324 792 in
338 715 519 792 alimentis
536 711 681 789 miscela
697 707 973 789 diverfilfimum
995 708 1171 807 profelio
1189 712 1263 788 lta·
1317 786 1319 823 ]

281 817 403 896 bitum
419 813 829 898 nancisciafferuerunt,
855 813 957 887 cuius
979 813 1089 891 etiam
1105 819 1144 888 in
1170 815 1262 887 len·

284 917 343 994 lus
368 917 535 1003 internos
563 913 785 989 ternionem
810 913 1030 989 manifestam
1061 912 1166 987 limili
1193 935 1260 990 ra·

282 1019 388 1094 tione
405 1016 622 1114 contingere
638 1015 800 1089 arbitrati
816 1016 918 1102 lunt,
940 1036 1013 1108 qua
1028 1033 1177 1089 mutato
1194 1014 1257 1087 in·

283 1119 574 1195 strumentorum
594 1113 862 1202 mechaniam,
900 1113 1091 1191 effestuum
1119 1114 1254 1188 discri-

282 1220 384 1315 mina
406 1220 443 1292 in
465 1215 641 1313 operibus
667 1215 829 1291 humano
858 1212 1016 1290 artili'cio
1044 1215 1252 1293 elaboratis
1283 1236 1288 1241 ·

284 1316 753 1419 plane-deprehenduntur.
824 1315 1071 1393 Adduxerunt
1084 1317 1122 1390 in
1136 1316 1251 1393 huius

285 1421 472 1496 doiirinae
494 1415 742 1497 defensionem
757 1419 930 1511 exempla
946 1421 1167 1490 morborum
1184 1439 1253 1492 va·
1284 1506 1286 1509 ¹

284 1523 329 1597 rii
347 1519 511 1617 generis,
539 1538 698 1612 quorum
713 1516 798 1590 fons
821 1536 860 1592 et
875 1518 985 1614 origo
1003 1514 1143 1607 sublato
1168 1517 1250 1591 ele·

192 1674 195 1679 ·
283 1638 497 1699 mentorum
522 1617 634 1690 nostri
656 1620 826 1708 corporis
842 1618 1066 1710 aequilibrio
1076 1617 1248 1705 debetur,

192 1764 195 1777 ·
280 1715 526 1797 sanandorum
538 1737 660 1792 autern
676 1718 772 1791 ratio
789 1720 827 1792 in
844 1716 980 1797 eodem
996 1738 1137 1799 mutata
1148 1719 1249 1817 (liae-

286 1818 597 1915 taadhibitisque
626 1817 799 1894 remediis
821 1816 1026 1895 efficacibus
1054 1819 1247 1895 restituen-

286 1919 340 1998 do
354 1919 519 1996 eonistit.
583 1914 685 1995 Tum
708 1920 745 1992 in
763 1919 926 1994 medium
942 1941 1060 2014 porro
1077 1921 1246 2015 protule·
1282 1999 1284 2004 ,

287 2038 376 2099 runt
392 2021 499 2093 animi
516 2016 660 2093 silenus
673 2017 748 2093 ,boc
764 2021 824 2096 vel
841 2020 909 2103 illo
924 2022 1010 2097 cibo
1033 2041 1175 2116 potuve
1190 2022 1246 2094 in·

288 2120 437 2198 terdum
452 2119 598 2217 sopitos
612 2135 673 2194 aut
689 2120 944 2202 exsuscitatoss
965 2143 1035 2198 nec
1054 2145 1130 2196 non
1147 2121 1247 2196 deni·

291 2243 365 2318 que
382 2223 480 2297 inter
497 2222 736 2319 torpentium
754 2217 983 2301 diversrffima
998 2223 1154 2321 ingenia,
1181 2224 1247 2297 mi·
1297 2298 1300 2305 ,

292 2319 465 2399 tiffimum
481 2319 738 2419 phytiplragis,
764 2342 875 2399 atrox
891 2342 930 2397 et
944 2323 1156 2399 bellicosum
1174 2324 1246 2399 sola
1288 2334 1296 2345 ”

217 2484 224 2501 .
295 2444 406 2500 earne
418 2421 645 2498 vescentibus
657 2424 876 2497 tribuerunt.
925 2421 1023 2503 Cum
1047 2443 1168 2500 autem
1182 2423 1247 2499 fin·

297 2522 403 2622 gula,
422 2521 553 2614 quibus
569 2519 658 2596 haec
672 2523 802 2617 opinio
819 2520 936 2597 fulciri
951 2522 1045 2598 solet
1059 2546 1246 2622 argumen-

297 2639 356 2706 ta,
389 2621 474 2716 poli
493 2617 683 2696 Hallerum
705 2620 830 2697 denuo
855 2621 1044 2700 recensere
1059 2624 1107 2721 (⁴)
1128 2624 1248 2720 luper-

298 2741 498 2800 vacaneum
508 2739 551 2796 et
564 2722 654 2796 eitra
670 2720 774 2815 huius
791 2722 933 2818 opellae
952 2725 1181 2821 propositum
1193 2726 1247 2801 lo·

300 2838 380 2908 ret,
401 2819 441 2898 id
454 2842 585 2909 unum,
617 2818 725 2896 miffis
740 2824 957 2903 coniettutis
977 2826 1157 2905 fallacibus
1169 2827 1247 2901 adii·

303 2925 414 3007 tiam,
449 2922 495 2997 ad
517 2923 779 2997 immutandum
803 2943 936 3022 typum
960 2929 1173 3004 varietatum
1187 2928 1246 3003 hu·

305 3044 515 3110 manarum,
550 3044 599 3097 ex
636 3023 952 3101 observationibus
984 3027 1146 3124 superius
1165 3048 1246 3102 enu-

303 3123 475 3209 meratis,
507 3143 587 3197 non
610 3119 704 3197 adeo
726 3125 928 3204 notabilem
942 3127 1010 3205 effe
1024 3128 1177 3205 interris
1190 3150 1244 3202 au·

307 3223 471 3301 stralibus
488 3220 882 3307 ciborumefficaciam.
1105 3228 1115 3251 ⁸

406 3425 555 3504 Plantae
577 3426 616 3500 in
636 3427 766 3502 oceani
787 3425 943 3505 australis
956 3424 1078 3501 insulis
1099 3423 1245 3503 esculan·

310 3539 370 3605 tre
386 3529 645 3627 quinquaginta
657 3536 818 3624 quatuor
830 3530 868 3602 in
885 3527 1091 3606 universum
1107 3527 1186 3603 mibi
1200 3528 1244 3601 in·

311 3643 535 3709 notuerunt,
567 3648 720 3725 quatum
745 3628 874 3727 viginti
900 3627 965 3704 iex
989 3644 1075 3705 ante
1098 3631 1245 3705 nostrum
1310 3716 1311 3725 Ν

312 3728 389 3805 iter
409 3725 587 3805 botanicis
609 3726 820 3829 incognitae
841 3744 957 3807 mant.
1029 3726 1165 3809 Harum
1179 3730 1246 3804 uni·
1307 3754 1310 3821 p

1156 3942 1159 3949 Ἰ
1178 3851 1247 3911 Vbi·

357 4039 404 4126 (⁹)
423 4038 590 4132 Pbyliolog.
602 4042 763 4117 '10me
777 4044 843 4116 nl.
857 4045 911 4114 lx.
933 4040 1045 4123 sena
1292 3824 1309 4323 s
