2684 4560
250 514 395 631 iopmnic
410 526 448 601 ati
465 520 655 603 coemeteria
670 549 702 601 et
717 550 782 601 atas
799 526 926 621 colitur.¹
976 529 1144 608 Taheitice
1162 534 1228 630 Ἠ,

249 633 314 707 five
339 634 414 709 tihi·
429 640 452 709 i.
466 641 618 722 eanima.

659 996 767 1087 Ν.

488 1186 908 1281 „otatta

246 1385 311 1463 33.
338 1348 535 1438 ocacaatm
561 1379 742 1438 motvtst.
770 1353 810 1433 F.

260 1520 266 1529 '
362 1512 413 1588 D.
439 1478 604 1596 arborea,
629 1511 728 1585 foliis
746 1490 1136 1602 enfifomtbes‘auats,
1159 1532 1225 1591 ra·

400 1635 507 1687 ccmo
524 1607 721 1704 (laterani)
749 1609 971 1705 compofito.
1024 1608 1064 1689 F.

259 1867 265 1875 -
325 1812 449 1887 Haecee
468 1809 582 1899 arbor,
603 1837 677 1885 cum
701 1815 847 1911 proxime
874 1806 1091 1910 sequentibus,
1119 1815 1215 1883 Ateca

251 1912 393 1985 oleracea
432 1933 463 1987 et
500 1909 623 2013 sapida,
666 1919 750 2012 Apio
784 1914 1007 2011 graveolento.
1049 1919 1213 2011 Tettago·

139 2022 144 2035 ⁴
254 2021 307 2086 nia
337 2012 545 2101 halimifoiia,
591 2015 724 2113 Lepidio
758 2016 905 2086 oleraceo
929 2034 960 2085 ct
984 2008 1137 2109 piscidio,
1162 2033 1203 2082 at·

253 2140 314 2215 que
346 2117 474 2215 Sopcho
504 2110 647 2188 oleraceo
681 2123 762 2187 inter
794 2112 1063 2214 praeiiatttiffimas
1090 2115 1210 2214 plantat

251 2214 421 2288 esculentas
441 2221 476 2286 itt
515 2224 601 2289 tetris
636 2216 794 2290 ausstafiae
824 2223 940 2287 metito
971 2210 1121 2288 recenseri
1158 2216 1213 2286 de·

251 2318 322 2405 δεῖς
355 2315 427 2388 licet
461 2310 587 2390 eaedem
616 2324 668 2392 vix
692 2321 729 2389 ab
752 2318 864 2388 incolis
893 2334 924 2387 et
950 2315 1108 2416 indigenis
1129 2312 1214 2387 vsur·

252 2442 366 2519 petatur
376 2441 388 2506 3
412 2414 463 2490 sed
474 2421 663 2516 Europaeis,
683 2426 824 2492 maxime
839 2418 907 2516 poii
924 2419 1138 2517 longinquum
1154 2424 1214 2488 iter

250 2525 445 2591 notitimutn
468 2521 621 2591 Scotbuto
636 2521 865 2606 laborantibus,
896 2515 1096 2591 saluberrima
1123 2518 1211 2591 olera

253 2619 431 2719 praebeant.

321 2770 410 2839 Haec
425 2768 601 2842 Dracaenae
620 2718 733 2868 speciee
750 2765 882 2841 nascitur
903 2779 937 2845 in
959 2768 1053 2867 sylvis
1071 2768 1110 2841 ad
1130 2791 1210 2941 pot·

251 2889 321 2942 tam
336 2869 656 2971 vaae·Zeciandiae,
672 2871 869 2958 ausstaliotis,
885 2880 934 2945 cui
949 2872 1071 2944 nomen
1086 2872 1128 2942 ob
1142 2876 1209 2943 curi

250 2968 463 3070 (Duskybay)
478 2975 630 3044 {Cookius
654 2970 758 3052 dedit,
786 2980 819 3042 in
842 2972 977 3073 icopulis
1009 2980 1088 3046 mati
1114 2968 1205 3069 saepe

249 3078 411 3169 proximis.
462 3078 536 3166 Ejus
554 3074 663 3143 baccae
678 3077 712 3143 ni
733 3068 830 3143 fallor
843 3075 881 3143 ab
902 3074 1015 3147 incolis
1031 3072 1208 3146 comedun-

249 3191 315 3246 tur:
342 3173 419 3245 iolia
435 3194 540 3246 autem
563 3171 679 3245 tenella
701 3173 892 3263 convoluta,
928 3172 980 3248 seo
1013 3181 1117 3276 potius
1139 3176 1207 3267 ³hy-

247 3269 449 3346 bernaculum
465 3276 581 3346 arboris
605 3300 645 3347 ex
668 3281 755 3375 apice
776 3279 878 3347 trunci
901 3275 1066 3375 prodiens,
1083 3271 1204 3374 pedale,

248 3379 331 3445 inter
358 3371 436 3445 folia
458 3374 677 3463 reconditum,
703 3376 776 3448 albo
808 3371 994 3465 flavescens,
1039 3374 1205 3460 blandum,

248 3468 481 3563 medullosum,
500 3503 575 3551 cum
591 3477 666 3549 oieo
681 3496 712 3549 et
727 3497 816 3548 aceto
831 3484 911 3551 inter
935 3483 1057 3575 optima
1075 3481 1205 3548 acetaria

248 3581 314 3670 jttte
330 3573 469 3646 habetur·
517 3582 631 3650 Baccac
647 3574 753 3652 mense
771 3584 857 3651 maio
873 3577 935 3650 stve
957 3582 1074 3672 hyeme
1094 3584 1204 3648 ineun-

246 3696 278 3747 te
292 3671 509 3753 maturescunt.
557 3684 595 3751 in
610 3683 879 3778 temperatioribus
891 3684 1002 3751 Novae
1018 3674 1204 3751 Zeelandiac

247 3777 428 3873 regionibus
445 3781 523 3880 circa
534 3778 717 3851 aestuarium
737 3785 874 3879 Reginae
889 3783 1085 3869 Chariottae‚
1110 3779 1210 3848 altera·

246 3878 425 3948 Dracaeuae
442 3872 746 3978 species‘teperitut,
770 3907 866 3983 quam
889 3885 958 3954 heic
980 3885 1204 3981 praetermitto,

246 3998 321 4049 eum
336 3984 401 4050 eiua
418 3982 452 4052 itt
469 4005 503 4052 te
518 3981 628 4059 cibaria
642 3977 710 4054 vsua
726 3980 818 4055 nobit
834 4007 904 4056 non
918 3987 1104 4058 innotuerit.
1117 4016 1120 4023 ¹

186 4104 191 4111 ·
268 4082 291 4114 ⁴*
1120 4083 1205 4153 Cau·
