2684 4560
149 296 315 387 ,66
588 283 795 398 ξεῖ-5

338 506 418 561 rum.
438 479 607 582 insrngulo
617 483 835 555 loculamento
844 480 1106 583 circiterseptem,
1128 486 1245 562 arillo

263 585 318 665 seu
354 586 571 659 membranula
609 585 775 657 involuta.
837 605 873 655 ut
906 590 1036 659 unicum
1078 586 1247 678 crederes,

220 740 225 747 ·
267 706 344 778 atra,
363 688 483 789 glabra,
502 681 712 773 seruihmaria,
735 690 895 784 triquetra.
1001 764 1006 775 ,

341 861 413 912 oras.
429 836 598 908 Charaeta
607 843 772 936 generiem
789 840 969 930 Dracaenae
989 840 1025 906 in
1046 840 1138 909 hasce
1157 835 1245 910 duae

269 938 402 1040 species,
449 941 493 1009 D.
522 937 722 1010 terminalem
745 943 826 1009 Linn
862 936 893 1006 et
916 941 957 1008 D.
984 936 1148 1008 indivisam
1175 965 1246 1009 no·

270 1041 364 1114 stram
399 1063 468 1110 non
482 1036 619 1137 perfecie
637 1038 782 1136 quadrat,
804 1063 905 1136 quum
913 1040 1024 1108 harum
1039 1040 1149 1110 baccae
1167 1041 1246 1136 pla-

272 1136 541 1239 nepoiyspennae
558 1138 636 1221 fiat,
664 1161 854 1238 quastamen
873 1133 1047 1233 trispermas
1063 1141 1248 1212 charanter

275 1247 436 1352 generiem
459 1247 544 1312 iuxta
560 1238 759 1311 noviffimam
785 1239 962 1339 Systernatis
989 1243 1141 1311 Linneani
1159 1238 1249 1310 Edi·
1299 1236 1302 1315 i

273 1350 397 1416 tionem
415 1343 557 1413 Xtham
573 1367 605 1439 p.
620 1366 681 1428 311.
695 1367 754 1429 333.
771 1346 906 1439 requirit.
955 1343 1049 1412 Forte
1063 1346 1138 1411 haec
1158 1361 1249 1411 nota
1291 1340 1301 1403 i

275 1452 317 1517 D.
336 1449 477 1516 Draconi
492 1439 551 1513 soli
565 1449 741 1541 competit3
775 1441 827 1511 uel
846 1447 941 1511 etiam
955 1466 1013 1537 pro
1028 1450 1122 1512 unico
1142 1438 1250 1511 semi·

277 1572 319 1619 ne
335 1537 504 1615 habebatur
517 1543 622 1614 arillus
638 1543 804 1613 {eruinibus
821 1535 944 1615 fascius.
1022 1550 1111 1613 Anne
1133 1533 1247 1612 effen·

253 1645 357 1740 'tialis
378 1640 552 1712 differentia
572 1649 652 1712 inter
667 1639 836 1741 Asparagi,
869 1638 1108 1745 Dracaenaeqtre
1122 1667 1248 1741 genera

276 1751 314 1819 in
329 1747 429 1816 hocce
456 1743 548 1815 atillo
564 1742 722 1816 consistit?

280 1972 332 2048 34.
348 1967 471 2023 areca
489 1966 691 2033 orantem.
706 1943 812 2019 Lina.
918 1945 920 1951 ’

352 2179 357 2183 ,
379 2094 424 2173 A.
437 2094 576 2168 foliolis
589 2094 836 2193 integerrimis
857 2091 1013 2171 ΜΗ]
1029 2096 1236 2188 ρ.986.ιιαᾲ

356 2247 451 2318 Hanc
480 2243 624 2315 arborem
650 2239 748 2317 semel
772 2242 907 2317 vidimus
933 2249 966 2313 in
994 2246 1092 2313 hortis
1121 2238 1242 2314 insulae

283 2349 440 2432 Tannae,
472 2342 609 2417 sedtum
628 2352 779 2444 temporis
803 2371 904 2444 neque
924 2341 1111 2432 florentem,
1137 2369 1244 2443 neque

283 2445 403 2522 saunas
427 2439 651 2543 proferentem.
728 2450 804 2516 Veri
830 2465 937 2516 tamen
957 2443 1156 2516 fimillimum
1185 2443 1243 2531 est,

283 2546 419 2617 eandem
434 2561 570 2641 ¹propter
592 2543 754 2616 frudiuum
777 2544 817 2615 ad
837 2570 906 2615 rem
926 2544 1073 2618 cibariam
1093 2542 1185 2617 usum
1202 2546 1244 2616 ab

234 2636 237 2645 Α
284 2643 401 2718 incolis
415 2643 532 2714 cultam
552 2639 650 2721 fuisse.
731 2648 805 2715 Eius
822 2670 950 2744 gemma
965 2644 1042 2717 ficut
1058 2645 1247 2743 praeceden-

283 2752 324 2818 tis
340 2749 516 2818 Dracaenae
532 2764 563 2817 et
577 2750 725 2816 omnium
742 2745 937 2844 palmarum,
961 2744 1061 2818 edulia
1076 2744 1138 2831 est,
1170 2745 1247 2825 dui·

285 2851 331 2920 cia
345 2867 376 2918 et
399 2844 580 2930 delicatula,
610 2865 760 2946 tanquam
781 2842 924 2918 brafficae
939 2848 1041 2919 caules
1061 2853 1247 2935 teneriores,

214 2996 218 3015 t
285 2967 339 3020 aut
354 2950 495 3040 Cynarae
508 2950 748 3044 receptaculum.
793 2949 845 3019 Ob
859 2942 1017 3019 defectum
1030 2942 1247 3021 florescentiae

288 3045 423 3121 eandem
444 3045 571 3118 ulterius
593 3053 773 3119 examinare
798 3071 867 3118 uon
888 3058 1069 3147 potuimua3
1100 3046 1143 3119 ad‘
1161 3052 1247 3120 hanc

287 3146 423 3248 speciem
449 3144 682 3219 amandandam
701 3144 784 3235 effe,
813 3174 854 3222 ex
876 3148 949 3227 Cel.
975 3154 1117 3249 lacquiui
1132 3145 1247 3241 deseri-¹

289 3255 402 3348 ptione
419 3244 642 3345 conclufimus.
817 3250 822 3261 ’

291 3448 339 3523 35,
350 3451 474 3508 aaron
487 3452 631 3529 sarton.
643 3430 828 3516 ,Sonam

291 3626 294 3631 .
390 3564 635 3642 A.-.......

329 3698 332 3707 ’
363 3701 527 3798 Reperitur
552 3699 725 3798 spontanea
749 3706 785 3777 in¹
806 3727 889 3777 noua
905 3701 1076 3803 Zeqiandia
1093 3676 1247 3807 usquead

288 3796 473 3874 aestuarium
488 3802 667 3876 Charlottae
688 3811 828 3901 reginae,
855 3824 887 3879 et
901 3800 1048 3904 frequens
1060 3810 1093 3876 in
1112 3801 1247 3878 Norfol·

290 3903 356 3972 riae
375 3900 475 3976 insula
495 3897 623 4021 deserta.
682 3907 785 3978 Huius
798 3912 965 4008 praecipue
979 3908 1046 3980 Cor
1064 3905 1127 3982 five
1141 3910 1247 4026 Caput

1210 4031 1247 4080 m
