2684 4560
232 592 239 603 ·
267 547 361 638 tabu)
381 530 560 618 amicorum
578 500 683 619 insula
696 492 811 644 resistit
824 545 971 620 Cookiut
987 541 1073 642 (vide
1086 552 1157 624 ltin.
1174 560 1236 621 no·'

256 645 335 723 faiis.
361 647 435 719 Vol.
460 652 486 720 1.
508 672 538 743 μ
561 648 663 744 332.)
682 647 797 718 incolis
819 653 882 722 Bia
905 651 1043 738 didam,
1064 657 1120 754 qui
1139 672 1234 724 nucea

221 770 224 779 “
272 756 341 824 eius
355 746 502 849 globosae
513 746 661 848 parvulas
676 753 758 821 iuter
772 748 877 822 edulia
893 752 1022 839 habent.

267 1015 314 1087 18.
333 958 690 1082 manumissurus.
716 1000 758 1077 F.
774 1004 820 1078 Μ.
831 1003 867 1079 S.
884 1002 934 1085 V.
947 1025 987 1101 p.
995 1013 1081 1100 408.

212 1164 215 1175 '
323 1122 547 1245 ¹Tatheitenses
566 1154 656 1224 huius
679 1152 796 1224 arboris
820 1151 961 1224 inmun
983 1158 1086 1227 Ratta'
1104 1169 1233 1241 vocant,

119 1254 122 1263 ’
151 1332 152 1337 ,
266 1249 367 1354 ipsam
390 1256 535 1326 arborem
558 1259 605 1325 Hi
626 1254 804 1353 appellant,
837 1251 962 1354 quoda
985 1280 1064 1326 voce
1086 1255 1125 1352 If
1149 1254 1230 1352 apud

267 1359 435 1454 Papuanos
459 1361 492 1426 in
513 1357 607 1447 Nova
623 1358 745 1428 Guinea
760 1353 867 1427 usitata
889 1380 958 1427 non
971 1353 1147 1427 admodum
1170 1352 1231 1429 dif-

211 1505 214 1509 -
268 1453 349 1552 sert3
374 1481 469 1528 nuces
488 1455 527 1529 E
531 1492 542 1511 ·
569 1457 623 1548 ifi,
650 1482 724 1554 quas
741 1440 899 1537 'Cookius
929 1463 963 1527 in
986 1447 1158 1553 novissimo
1181 1463 1231 1531 iti·

267 1581 344 1630 uere
360 1557 464 1631 Tom.
481 1564 504 1633 i.
513 1582 544 1653 p.
553 1582 623 1649 393.
631 1575 876 1639 commemorat,
896 1553 935 1625 ad
944 1561 1135 1654 lnocarpum
1147 1582 1229 1655 quo·

295 1684 331 1727 ue
348 1657 458 1753 procul
471 1655 567 1726 dubio
574 1652 683 1731 referri
698 1658 825 1730 debent.
876 1657 994 1727 Earum
1011 1656 1230 1729 nucleusreni·

266 1682 398 1846 sortiris,
422 1750 614 1854 compressus
625 1772 645 1841 ,’
661 1756 818 1854 pollicaris
834 1762 955 1830 circiter
966 1755 1132 1844 diametri,
1153 1755 1230 1831 affa-

265 1876 316 1935 tus
326 1879 357 1928 et
373 1857 578 1929 decorticatus
594 1860 632 1929 ab
646 1854 816 1929 insularum
832 1861 1007 1945 societatis,
1032 1864 1230 1953 Amicorum,

89 1950 105 2029 .’
160 2050 164 2059 1
268 1961 484 2045 marchionis,
513 1984 666 2032 novarum
693 1959 888 2043 Hebridum,
912 1983 1014 2030 novae
1034 1963 1176 2034 Gnineae
1197 1982 1230 2035 et

269 2060 488 2135 moluccarum
506 2062 619 2132 iocosis
634 2058 823 2133 comeditur.
881 2058 1041 2158 Nostrates
1063 2064 1144 2135 hanc
1168 2089 1228 2134 nu·

269 2186 342 2234 cem
363 2160 572 2233 castanearum
591 2161 666 2232 loco
682 2159 854 2245 habebant3
876 2156 968 2257 sapor
994 2181 1101 2234 tamen
1124 2171 1231 2236 miuus

292 2282 374 2333 ratus
390 2259 448 2347 est,
473 2261 545 2335 iicet
561 2259 760 2351 dulcescens3
774 2258 946 2348 ⁸substantia
961 2260 1089 2352 durior,
1125 2271 1233 2337 minus

268 2289 423 2454 sinuosa,
447 2364 624 2437 ventriculo
648 2362 791 2451 debiliori
812 2388 881 2434 non
912 2362 1072 2436 conducit.
1141 2369 1233 2438 Vires

185 2496 187 2507 .
269 2466 400 2565 plantae
422 2482 454 2536 et
478 2469 656 2563 praesertim
687 2469 812 2536 corticis
837 2460 1081 2563 adstringentes,
1121 2464 1233 2560 alvum

269 2563 452 2661 obstipent,
486 2583 517 2636 et
545 2561 753 2657 dysenteriam
777 2560 902 2652 sistunt3
940 2591 1036 2664 quare
1061 2570 1157 2638 etiam
1189 2565 1232 2640 ad

161 2694 164 2701 ’
268 2661 354 2736 stunc
371 2660 501 2760 scopum
509 2671 544 2735 in
556 2661 748 2738 nosocomio
756 2663 952 2739 amboinenfi
960 2665 1125 2739 decoctum
1133 2693 1235 2768 aquo-

268 2757 339 2839 smn
355 2770 479 2835 corticis
491 2767 601 2845 crebro
622 2765 805 2850 adhibetur,
833 2763 906 2837 tesse
930 2766 1116 2868 Rumphi03
1159 2769 1238 2844 licet

269 2866 335 2939 hoc
351 2861 561 2938 medicamine
575 2890 743 2965 aegrotum
760 2869 822 2938 dita
837 2865 1001 2964 periclitari
1018 2874 1235 2970 potiusquam

269 2961 382 3040 sanitas
406 2963 568 3038 restaurari
592 2968 740 3041 videatur.
793 2964 934 3065 Papuani
962 2964 1058 3041 succo
1088 2976 1236 3068 expresso

85 3112 89 3121 -
178 3154 183 3165 ι
270 3061 448 3168 glutinos0‚
469 3063 609 3139 resinosa
625 3066 763 3139 telorum
779 3073 881 3165 apices
898 3067 1074 3161 obliniunt,
1098 3073 1161 3142 hoc
1175 3098 1237 3145 au·
1266 3076 1270 3079 ’

271 3183 338 3238 tem
353 3166 463 3266 gluten
479 3165 685 3239 exsiccatione
699 3176 828 3268 nigrum
848 3166 994 3243 colorem
1018 3168 1127 3244 induit.
1155 3175 1238 3246 For.
1268 3260 1272 3271 ¹

271 3284 304 3338 te
319 3286 357 3357 et¹
373 3264 544 3341 resinosum
564 3267 665 3355 illud,
698 3294 765 3368 quo
792 3265 915 3368 sagittas
945 3270 1237 3349 Massicollensrum

126 3350 132 3359 ¹
179 3372 184 3389 '
271 3364 426 3441 obductas
438 3370 573 3442 vidimus
587 3368 724 3471 etqnod
741 3370 871 3442 illorum
891 3371 997 3444 astutia
1023 3398 1081 3469 pro
1104 3398 1236 3450 veneno

272 3467 365 3567 nobis
382 3469 578 3555 venditabat,
603 3495 642 3543 ex
660 3475 802 3569 lnocarpi
817 3466 910 3543 succo
934 3477 1048 3569 pariter
1070 3486 1236 3574 praepara·

271 3584 343 3643 tum
359 3572 431 3641 e'rat.
482 3575 615 3644 Nomen
637 3571 753 3647 arboris
777 3569 859 3669 apud
877 3572 1130 3647 Massicolsenses
1152 3581 1238 3652 Νέαν

271 3666 380 3757 audit,
429 3669 512 3766 apud
560 3670 679 3745 insulae
721 3674 859 3745 Tannae
894 3672 1056 3773 indigenas
1100 3682 1234 3753 tumr.

206 3778 211 3784 '
271 3775 464 3868 lnocarpum
479 3770 636 3845 arboribus
651 3774 741 3847 cultis
756 3781 788 3844 in
805 3775 891 3845 hisce
909 3776 1088 3870 regionibus
1105 3783 1160 3849 vix
1173 3777 1236 3850 ad.

269 3889 490 3962 numerarem,
513 3870 569 3951 etsi
581 3881 617 3946 in
638 3872 790 3952 societatis
804 3871 912 3949 insulis
931 3867 1017 3951 fone
1029 3877 1159 3957 cobrin

1121 4079 1233 4156 mbos
